<?xml version="1.0" encoding="UTF-8"?><record xmlns="http://www.loc.gov/MARC21/slim" xmlns:cinclude="http://apache.org/cocoon/include/1.0" xmlns:zs="http://www.loc.gov/zing/srw/">
  <leader>01065nz  a2200205n  4500</leader>
  <controlfield tag="001">no2013077368</controlfield>
  <controlfield tag="003">DLC</controlfield>
  <controlfield tag="005">20130720073613.0</controlfield>
  <controlfield tag="008">130719n| azannaabn          |a aaa     c</controlfield>
  <datafield tag="010" ind1=" " ind2=" ">
    <subfield code="a">no2013077368</subfield>
  </datafield>
  <datafield tag="035" ind1=" " ind2=" ">
    <subfield code="a">(OCoLC)oca09524485</subfield>
  </datafield>
  <datafield tag="040" ind1=" " ind2=" ">
    <subfield code="a">UPB</subfield>
    <subfield code="b">eng</subfield>
    <subfield code="e">rda</subfield>
    <subfield code="c">UPB</subfield>
  </datafield>
  <datafield tag="046" ind1=" " ind2=" ">
    <subfield code="f">18370306</subfield>
    <subfield code="g">18850309</subfield>
  </datafield>
  <datafield tag="100" ind1="1" ind2=" ">
    <subfield code="a">Hunt, Lois Barnes Pratt,</subfield>
    <subfield code="d">1837-1885</subfield>
  </datafield>
  <datafield tag="370" ind1=" " ind2=" ">
    <subfield code="a">Ripley, N.Y.</subfield>
    <subfield code="b">Snowflake, Ariz.</subfield>
    <subfield code="e">San Bernardino, Calif.</subfield>
    <subfield code="e">Snowflake, Ariz.</subfield>
  </datafield>
  <datafield tag="374" ind1=" " ind2=" ">
    <subfield code="a">Mormon pioneers</subfield>
    <subfield code="2">lcsh</subfield>
  </datafield>
  <datafield tag="375" ind1=" " ind2=" ">
    <subfield code="a">female</subfield>
  </datafield>
  <datafield tag="377" ind1=" " ind2=" ">
    <subfield code="a">eng</subfield>
  </datafield>
  <datafield tag="400" ind1="1" ind2=" ">
    <subfield code="a">Pratt, Lois Barnes,</subfield>
    <subfield code="d">1837-1885</subfield>
  </datafield>
  <datafield tag="670" ind1=" " ind2=" ">
    <subfield code="a">The pioneer heritage of Edna West Sant, 1999:</subfield>
    <subfield code="b">page 117  (Lois Barnes Pratt Hunt; daughter of Addison Pratt and Louisa Barnes Pratt; )  page 200 (Lois Barnes Pratt, married John Hunt, 1833-1917, on 4 July 1857, San Bernardino, California) page 204 (Lois Barnes Pratt, born 6 Mar 1837, Ripley, N.Y.; died 9 Mar 1885, Snowflake, Navajo, AZ) page 118 (moved to Nauvoo, Ill. in 1841) page 119 (Lois left Nauvoo with her family on 29 May 1846 for Utah and arrived in Salt Lake City on August 20, 1848)</subfield>
  </datafield>
</record>